<record><leader>00000cas a22000007a 4500</leader><controlfield tag="001">17429352</controlfield><controlfield tag="008">880204d19131929paudn ne      0    0eng d</controlfield><datafield ind1=" " ind2=" " tag="010"><subfield code="a">sn 88079075 </subfield></datafield><datafield ind1=" " ind2=" " tag="040"><subfield code="a">NPH</subfield><subfield code="b">eng</subfield><subfield code="c">NPH</subfield><subfield code="d">OCLCQ</subfield></datafield><datafield ind1=" " ind2=" " tag="042"><subfield code="a">msc</subfield></datafield><datafield ind1="0" ind2=" " tag="130"><subfield code="a">Morning press (East Stroudsburg, Pa.)</subfield></datafield><datafield ind1="1" ind2="4" tag="245"><subfield code="a">The morning press.</subfield></datafield><datafield ind1=" " ind2=" " tag="260"><subfield code="a">East Stroudsburg, Pa. :</subfield><subfield code="b">Geo. C. Hughes,</subfield><subfield code="c">1913-1929.</subfield></datafield><datafield ind1=" " ind2=" " tag="300"><subfield code="a">16 v. :</subfield><subfield code="b">ill.</subfield></datafield><datafield ind1=" " ind2=" " tag="310"><subfield code="a">Daily (except Sun.)</subfield></datafield><datafield ind1="0" ind2=" " tag="362"><subfield code="a">Vol. 1, no. 1 (May 19, 1913)-v. 16, no. 288 (Apr. 30, 1929).</subfield></datafield><datafield ind1=" " ind2=" " tag="500"><subfield code="a">"Only morning paper in Monroe County."</subfield></datafield><datafield ind1=" " ind2=" " tag="500"><subfield code="a">Editor: Geo. C. Hughes.</subfield></datafield><datafield ind1=" " ind2=" " tag="752"><subfield code="a">United States</subfield><subfield code="b">Pennsylvania</subfield><subfield code="c">Monroe</subfield><subfield code="d">East Stroudsburg.</subfield></datafield><datafield ind1="0" ind2="7" tag="785"><subfield code="t">Record and times-democrat</subfield><subfield code="w">(DLC)sn 88079070</subfield></datafield><datafield ind1="0" ind2="7" tag="785"><subfield code="t">Record and morning press</subfield><subfield code="w">(DLC)sn 87080426</subfield></datafield><datafield ind1="1" ind2=" " tag="029"><subfield code="a">AU@</subfield><subfield code="b">000025787366</subfield></datafield></record>